<?xml version = "1.0" encoding = "UTF-8"?><record>
  <leader>01462nas#a2200469#c#4500</leader>
  <controlfield tag="005">20210727154900.0</controlfield>
  <controlfield tag="007">cr#|||||||||||</controlfield>
  <controlfield tag="008">060911m20009999gw##|#p#o#####|####|ger#c</controlfield>
  <controlfield tag="003">DE-605</controlfield>
  <controlfield tag="001">990154356390206441</controlfield>
  <datafield tag="016" ind1="7" ind2=" ">
    <subfield code="a">981181104</subfield>
    <subfield code="2">DE-101b</subfield>
  </datafield>
  <datafield tag="016" ind1="7" ind2=" ">
    <subfield code="a">2250528-3</subfield>
    <subfield code="2">DE-600</subfield>
  </datafield>
  <datafield tag="016" ind1="7" ind2=" ">
    <subfield code="a">644174461</subfield>
    <subfield code="2">OCoLC</subfield>
  </datafield>
  <datafield tag="022" ind1=" " ind2=" ">
    <subfield code="a">2198-2597</subfield>
  </datafield>
  <datafield tag="022" ind1=" " ind2=" ">
    <subfield code="a">2198-2597</subfield>
    <subfield code="2">6</subfield>
  </datafield>
  <datafield tag="035" ind1=" " ind2=" ">
    <subfield code="a">(DE-605)HT014846970</subfield>
  </datafield>
  <datafield tag="040" ind1=" " ind2=" ">
    <subfield code="a">0018</subfield>
    <subfield code="b">ger</subfield>
    <subfield code="c">DNB</subfield>
    <subfield code="d">1260</subfield>
    <subfield code="d">DE-605</subfield>
  </datafield>
  <datafield tag="041" ind1=" " ind2=" ">
    <subfield code="a">ger</subfield>
  </datafield>
  <datafield tag="044" ind1=" " ind2=" ">
    <subfield code="c">XA-DE</subfield>
  </datafield>
  <datafield tag="084" ind1=" " ind2=" ">
    <subfield code="a">010</subfield>
    <subfield code="q">DE-600</subfield>
    <subfield code="2">zdbs</subfield>
  </datafield>
  <datafield tag="222" ind1=" " ind2="0">
    <subfield code="a">Zeitschriftendatenbank</subfield>
    <subfield code="b">Berlin</subfield>
  </datafield>
  <datafield tag="245" ind1="0" ind2="0">
    <subfield code="a">Zeitschriftendatenbank</subfield>
    <subfield code="b">(ZDB)</subfield>
    <subfield code="c">Staatsbibliothek zu Berlin ; Deutsche Nationalbibliothek</subfield>
  </datafield>
  <datafield tag="246" ind1="3" ind2=" ">
    <subfield code="a">ZDB</subfield>
  </datafield>
  <datafield tag="264" ind1="3" ind2="1">
    <subfield code="a">Berlin</subfield>
    <subfield code="c">2000-</subfield>
    <subfield code="3">2000-</subfield>
  </datafield>
  <datafield tag="300" ind1=" " ind2=" ">
    <subfield code="a">Online-Ressource</subfield>
  </datafield>
  <datafield tag="336" ind1=" " ind2=" ">
    <subfield code="b">txt</subfield>
  </datafield>
  <datafield tag="337" ind1=" " ind2=" ">
    <subfield code="b">c</subfield>
  </datafield>
  <datafield tag="338" ind1=" " ind2=" ">
    <subfield code="b">cr</subfield>
  </datafield>
  <datafield tag="362" ind1="0" ind2=" ">
    <subfield code="a">2000 -</subfield>
  </datafield>
  <datafield tag="363" ind1="0" ind2="1">
    <subfield code="8">1.1\x</subfield>
    <subfield code="i">2000</subfield>
  </datafield>
  <datafield tag="856" ind1="4" ind2="0">
    <subfield code="u">http://www.zdb-katalog.de</subfield>
    <subfield code="x">Verlag</subfield>
    <subfield code="z">kostenfrei</subfield>
  </datafield>
  <datafield tag="856" ind1="4" ind2="0">
    <subfield code="u">http://zdb-katalog.de/index.xhtml</subfield>
    <subfield code="x">Verlag</subfield>
    <subfield code="z">kostenfrei</subfield>
  </datafield>
  <datafield tag="856" ind1="4" ind2="0">
    <subfield code="u">http://dbis.uni-regensburg.de/frontdoor.php?titel_id=188</subfield>
    <subfield code="x">DBIS</subfield>
  </datafield>
  <datafield tag="960" ind1="1" ind2=" ">
    <subfield code="z">lzZDB</subfield>
  </datafield>
  <datafield tag="964" ind1="0" ind2="s">
    <subfield code="F">030</subfield>
    <subfield code="A">a||u|||||||37</subfield>
  </datafield>
  <datafield tag="964" ind1="0" ind2="s">
    <subfield code="F">050</subfield>
    <subfield code="A">||||||||g|||||</subfield>
  </datafield>
  <datafield tag="964" ind1="0" ind2="s">
    <subfield code="F">052</subfield>
    <subfield code="A">p||||||a|||||||</subfield>
  </datafield>
  <datafield tag="035" ind1=" " ind2=" ">
    <subfield code="a">(DE-600)2250528-3</subfield>
  </datafield>
  <datafield tag="035" ind1=" " ind2=" ">
    <subfield code="a">(OCoLC)644174461</subfield>
    <subfield code="0">(uri) http://www.worldcat.org/oclc/644174461</subfield>
  </datafield>
  <datafield tag="035" ind1=" " ind2=" ">
    <subfield code="a">(DE-599)ZDB2250528-3</subfield>
  </datafield>
  <datafield tag="776" ind1="0" ind2="8">
    <subfield code="i">CD-ROM-Ausg.</subfield>
    <subfield code="t">Zeitschriftendatenbank</subfield>
    <subfield code="d">M&#252;nchen : Saur, 2000-2008</subfield>
    <subfield code="h">CD-ROMs</subfield>
    <subfield code="x">1616-4938</subfield>
    <subfield code="w">(DE-605)HT012838802</subfield>
    <subfield code="0">(uri) http://worldcat.org/issn/1616-4938</subfield>
  </datafield>
  <datafield tag="655" ind1=" " ind2="7">
    <subfield code="a">Zeitschrift</subfield>
    <subfield code="0">(DE-588)4067488-5</subfield>
    <subfield code="2">gnd-content</subfield>
  </datafield>
  <datafield tag="500" ind1=" " ind2=" ">
    <subfield code="a">Gesehen am 19.10.2017</subfield>
  </datafield>
  <datafield tag="MBD" ind1=" " ind2=" ">
    <subfield code="M">49HBZ_NETWORK</subfield>
    <subfield code="i">990154356390206441</subfield>
    <subfield code="n">HBZ Network</subfield>
  </datafield>
  <datafield tag="MNG" ind1=" " ind2=" ">
    <subfield code="c">System</subfield>
    <subfield code="f">HBZ</subfield>
    <subfield code="i">marc21</subfield>
    <subfield code="h">20210727154900.0</subfield>
    <subfield code="k">01</subfield>
    <subfield code="e">false</subfield>
    <subfield code="d">2021-07-27 16:06:58 Europe/Berlin</subfield>
    <subfield code="g">015435639-HBZ01</subfield>
    <subfield code="j">90</subfield>
    <subfield code="a">import</subfield>
    <subfield code="b">2021-04-05 14:27:05 Europe/Berlin</subfield>
  </datafield>
  <datafield tag="POR" ind1=" " ind2=" ">
    <subfield code="j">LIzenzfreie Zeitschriften</subfield>
    <subfield code="x">System</subfield>
    <subfield code="a">53717299120006441</subfield>
    <subfield code="M">49HBZ_NETWORK</subfield>
    <subfield code="p">61738769100006441</subfield>
    <subfield code="q">Lizenzfreie Zeitschriften - Lizenzfreie E-Ressourcen der ZDB (lzzdb)</subfield>
    <subfield code="c">static</subfield>
    <subfield code="A">49HBZ_DUE</subfield>
    <subfield code="A">49HBZ_UDE</subfield>
    <subfield code="y">2021-04-16 13:49:40 Europe/Berlin</subfield>
    <subfield code="w">2021-04-06 11:22:51 Europe/Berlin</subfield>
    <subfield code="D">https://eu04.alma.exlibrisgroup.com/view/uresolver/49HBZ_NETWORK/openurl?u.ignore_date_coverage=true&amp;portfolio_pid=53717299120006441&amp;Force_direct=true</subfield>
    <subfield code="v">P2E_JOB</subfield>
    <subfield code="z">2021-04-06 09:22:51</subfield>
    <subfield code="i">false</subfield>
    <subfield code="S">62738769090006441</subfield>
    <subfield code="d">https://hbz-network.userservices.exlibrisgroup.com/view/uresolver/49HBZ_NETWORK/openurl?u.ignore_date_coverage=true&amp;rft.mms_id=990154356390206441</subfield>
    <subfield code="b">Available</subfield>
    <subfield code="f">JOURNAL</subfield>
    <subfield code="8">53717299120006441</subfield>
  </datafield>
  <datafield tag="POR" ind1=" " ind2=" ">
    <subfield code="j">LIzenzfreie Zeitschriften</subfield>
    <subfield code="x">System</subfield>
    <subfield code="a">53717299160006441</subfield>
    <subfield code="M">49HBZ_NETWORK</subfield>
    <subfield code="p">61738769100006441</subfield>
    <subfield code="q">Lizenzfreie Zeitschriften - Lizenzfreie E-Ressourcen der ZDB (lzzdb)</subfield>
    <subfield code="c">static</subfield>
    <subfield code="l">kostenfrei</subfield>
    <subfield code="A">49HBZ_DUE</subfield>
    <subfield code="A">49HBZ_UDE</subfield>
    <subfield code="y">2021-04-16 13:49:39 Europe/Berlin</subfield>
    <subfield code="w">2021-04-06 11:22:51 Europe/Berlin</subfield>
    <subfield code="D">https://eu04.alma.exlibrisgroup.com/view/uresolver/49HBZ_NETWORK/openurl?u.ignore_date_coverage=true&amp;portfolio_pid=53717299160006441&amp;Force_direct=true</subfield>
    <subfield code="v">P2E_JOB</subfield>
    <subfield code="z">2021-04-06 09:22:51</subfield>
    <subfield code="i">false</subfield>
    <subfield code="S">62738769090006441</subfield>
    <subfield code="d">https://hbz-network.userservices.exlibrisgroup.com/view/uresolver/49HBZ_NETWORK/openurl?u.ignore_date_coverage=true&amp;rft.mms_id=990154356390206441</subfield>
    <subfield code="b">Available</subfield>
    <subfield code="f">JOURNAL</subfield>
    <subfield code="8">53717299160006441</subfield>
  </datafield>
  <datafield tag="POR" ind1=" " ind2=" ">
    <subfield code="j">LIzenzfreie Zeitschriften</subfield>
    <subfield code="x">System</subfield>
    <subfield code="a">53717299140006441</subfield>
    <subfield code="M">49HBZ_NETWORK</subfield>
    <subfield code="p">61738769100006441</subfield>
    <subfield code="q">Lizenzfreie Zeitschriften - Lizenzfreie E-Ressourcen der ZDB (lzzdb)</subfield>
    <subfield code="c">static</subfield>
    <subfield code="l">kostenfrei</subfield>
    <subfield code="A">49HBZ_DUE</subfield>
    <subfield code="A">49HBZ_UDE</subfield>
    <subfield code="y">2021-04-16 13:49:39 Europe/Berlin</subfield>
    <subfield code="w">2021-04-06 11:22:51 Europe/Berlin</subfield>
    <subfield code="D">https://eu04.alma.exlibrisgroup.com/view/uresolver/49HBZ_NETWORK/openurl?u.ignore_date_coverage=true&amp;portfolio_pid=53717299140006441&amp;Force_direct=true</subfield>
    <subfield code="v">P2E_JOB</subfield>
    <subfield code="z">2021-04-06 09:22:51</subfield>
    <subfield code="i">false</subfield>
    <subfield code="S">62738769090006441</subfield>
    <subfield code="d">https://hbz-network.userservices.exlibrisgroup.com/view/uresolver/49HBZ_NETWORK/openurl?u.ignore_date_coverage=true&amp;rft.mms_id=990154356390206441</subfield>
    <subfield code="b">Available</subfield>
    <subfield code="f">JOURNAL</subfield>
    <subfield code="8">53717299140006441</subfield>
  </datafield>
</record>